<?xml version="1.0" encoding="UTF-8"?><collection xmlns="http://www.loc.gov/MARC21/slim"><record><leader>00404nam--2200133-i-4500</leader><controlfield tag="001">000019925</controlfield><controlfield tag="002">20161230</controlfield><controlfield tag="005">20161230201033</controlfield><controlfield tag="008">060222s1000------------r-----000-0-eng-d</controlfield><datafield ind1=" " ind2=" " tag="080"><subfield code="a">389.63:62-5</subfield></datafield><datafield ind1=" " ind2=" " tag="100"><subfield code="a">Dragu,Dumitru., Badescu Gh., Militaru C,. Sturzu Aurel,. Popescu, Ion</subfield></datafield><datafield ind1=" " ind2=" " tag="245"><subfield code="a">Tolerante si masuratori tehnice</subfield></datafield><datafield ind1=" " ind2=" " tag="260"><subfield code="a">Bucuresti, Editura Didactica Si Pedagogica 1980. 427 P</subfield></datafield><datafield ind1=" " ind2=" " tag="852"><subfield code="a">48694</subfield></datafield></record></collection>